@inproceedings{minka2000automatic,
  title={Automatic choice of dimensionality for PCA},
  author={Minka, Thomas P},
  booktitle={NIPS},
  volume={13},
  pages={598--604},
  year={2000}
}